@article{article,
author = {De Beule, Joachim and Vylder, Bart and Belpaeme, Tony},
year = {2006},
month = {01},
pages = {},
title = {A cross-situational learning algorithm for damping homonymy in the guessing game},
journal = {Proceedings of the Xth Conference on Artificial Life}
}