Persée Citation List<comment{{NUMBER OF CITATIONS : 1}}

@article{474369,
title = {Ludwig Wittgenstein, Philosophische Untersuchungen. Philosophical Investigations. Translated by G. E. M. Anscombe},
author = {Nolet, Yves},
booktitle = {Revue Philosophique de Louvain. Troisième série, tome 66, n°89, 1968.},
year = {1968},
ISSN = {0035-3841},
url = {https://www.persee.fr/doc/phlou_0035-3841_1968_num_66_89_5424_t1_0132_0000_2},
language = {fre},
publisher = {Société Philosophique de Louvain}
}